@article{santos2006reported,
  title={Reported anatomical variability naturally leads to multimodal distributions of Denavit-Hartenberg parameters for the human thumb},
  author={Santos, Veronica J and Valero-Cuevas, Francisco J},
  journal={IEEE Transactions on Biomedical Engineering},
  volume={53},
  number={2},
  pages={155--163},
  year={2006},
  publisher={IEEE}
}